
@Book{RUP,
  author =       {Philipe Krutchen},
  title =        {The Rational Unified Process},
  publisher =    aw,
  year =         1999
}



@Book{openTBT,
  author =       {Brian Henderson-Sellers and Anthony Simons and Houman Younessi},
  title =        {The {OPEN} Toolbox of Techniques},
  publisher =    aw,
  year =         1998
}

@Book{XP,
  author =       {Kent Beck},
  title =        {Extreme Programming Explained: Embrace Change.},
  publisher =    aw,
  year =         1999
}

@Book{XPplanning,
  author =	 {Kent Beck and Martin Fowler},
  title = 	 {Planning Extreme Programming},
  publisher = 	 aw,
  year = 	 2000
}


@Book{XPinstalled,
  author =	 {Ron Jeffries and Ann Anderson and Chet Hendrickson},
  title = 	 {Extreme Programming Installed},
  publisher = 	 aw,
  year = 	 2001
}



@Unpublished{agiledevelopmentmanifesto,
  author = 	 {Kent Beck and Mike Beedle and Arie van Bennekum and Alistair Cockburn and Ward Cunningham and Martin Fowler and James Grenning and Jim Highsmith and Andrew Hunt and Ron Jeffries and Jon Kern and Brian Marick and Robert C. Martin and Steve Mellor and Ken Schwaber and Jeff Sutherland and Dave Thomas},
  title = 	 {Manifesto for Agile Software Development},
  note = 	 {Available from \texttt{http://agilemanifesto.org/}},
  year =	 2001
}

@Book{questioningXP,
  author =	 {Pete McBreen},
  title = 	 {Questioning Extreme Programming},
  publisher = 	 aw,
  year = 	 2003
}

@Book{laurieWpair,
  author =	 {Laurie Williams and Robert Kessler},
  title = 	 {Pair Progamming Illuminated},
  publisher = 	 {Pearson},
  year = 	 2002
}

@InCollection{laurieCockburnPair,
  author = 	 {Alistair Cockburn and Laurie Williams},
  title = 	 {The Costs and Benefits of Pair Programming},
  chapter = 	 14,
  publisher = 	 aw,
  booktitle = 	 {Extreme Programming Examined},
  pages =	 {223--244},
  year =	 2001
}



@InCollection{astraxp,
  author = 	 {Owen L. Astrachan and Robert C. Duvall and Eugene Wallingford},
  title = 	 {Bringing Extreme Programming to the Classroom},
  chapter = 	 21,
  publisher = 	 aw,
  booktitle = 	 {Extreme Programming Perspectives},
  pages =	 {237--250},
  year =	 2003
}


@InCollection{sandersxp,
  author = 	 {Dean Sanders},
  title = 	 {Student Perceptions of the Suitability of Extreme and Pair Programming},
  chapter = 	 23,
  publisher = 	 aw,
  booktitle = 	 {Extreme Programming Perspectives},
  pages =	 {261--271},
  year =	 2003
}



@InCollection{johnsonxp,
  author = 	 {David H. Johnson and James Caristi},
  title = 	 {Extreme Programming and the Software Design Course},
  chapter = 	 24,
  publisher = 	 aw,
  booktitle = 	 {Extreme Programming Perspectives},
  pages =	 {273--285},
  year =	 2003
}



@Unpublished{laurieWXPeWorkshop,
  author = 	 {Laurie Williams},
  title = 	 {Summary of the Third {eWorkshop} on Agile Methods},
  note = 	 {Available at \texttt{http://fc-md.umd.edu/projects/Agile/} \texttt{3rd-eWorkshop/topic4.html}},
  month =	 oct,
  year =	 2002
}

@Unpublished{DougLeaJavaStyle,
  author = 	 {Doug Lea},
  title = 	 {Draft {J}ava Coding Standard},
  note = 	 {Available as \texttt{http://gee.cs.oswego.edu/dl/html/} \texttt{javaCodingStd.html}},
  month =	 feb,
  year =	 2000
}

@unpublished{ewd1308,
   author = "Edsger W. Dijkstra",
   title = "What led to ``{N}otes on {S}tructured {P}rogramming''",
   month = jun,
   year = "2001",
   note = "Available as \texttt{http://www.cs.utexas.edu/users/EWD/} \texttt{ewd13xx/EWD1308.PDF}"
   }


@InProceedings{angela-malko,
  author = 	 {Angela Martin and James Noble and Robert Biddle},
  title = 	 {Being {J}ane {M}alkovich: A Look Into the World of an {XP} Customer},
  booktitle =	 {Extreme Programming and Agile Processes in Software Engineering: Proceedings of the 4th International Conference, {XP 2003}},
  year =	 2003,
  series =	 lncs,
  publisher =	 sv
}

@Book{scrum,
  author =	 {Mike Beedle and Ken Schwaber and Robert Martin},
  title = 	 {Agile Software Development with Scrum},
  publisher = 	 aw,
  year = 	 2001
}

@Book{highsmith,
  author =	 {Jim Highsmith},
  title = 	 {Agile Software Development Ecosystems},
  publisher = 	 aw,
  year = 	 2002
}

@book{leandev,
  author =	 {Mary Poppendieck and Tom Poppendieck},
  title = 	 {Lean Software Development: An Agile Toolkit for Software Development Managers},
  publisher = 	 aw,
  year = 	 2003
}

@Book{cockburn-agile,
  author =	 {Alistair Cockburn},
  title = 	 {Agile Software Development},
  publisher = 	 aw,
  year = 	 2001
}

@InProceedings{nopp,
  author = 	 {James Noble and Robert Biddle},
  title = 	 {Notes on Postmodern Programming},
  booktitle =	 {Proceedings of {OOPSLA} Onward! stream},
  year =	 2002,
  publisher =	 {Dreamsongs Press}
}

@Book{PMBOK,
  author =	 {{Project Management Institute}},
  title = 	 {A Guide to the Project Management Body of Knowledge ({PMBOK} Guide)}, 
  publisher = 	 {{Project Management Institute}},
  year = 	 2000
}

@InProceedings{lappo02,
  author = 	 {Peter Lappo},
  title = 	 {No Pain, No {XP}: Observations on Teaching
and Mentoring Extreme Programming to University Students},
  booktitle =	 {Proceedings
of the Third International Conference on eXtreme Programming and Agile
Processes in Software Engineering},
  pages =	 {35--38},
  year =	 2002,
  publisher =	 {Universit{\'a} di Cagliari and Free University of Bolzano-Bozen},
  note =	 {\texttt{http://www.xp2002.org/prog\_full.html}}
}


@Article{laurieWCSE,
  author = 	 {Laurie Williams and Eric Wiebe and Kai Yang and Miriam Ferzlid and Carol Miller},
  title = 	 {In Support of Pair Programming in the Introductory Computer Science Course},
  journal = 	 {Computer Science Education},
  year = 	 2002,
  month =	 sep
}

@InProceedings{tomek03,
  author = 	 {Ivan Tomek},
  title = 	 {What {I} Learned Teaching {XP}},
  booktitle =	 {Smalltalk Solutions 2003},
  year =	 2003
}

@InProceedings{noll03,
  author = 	 {John Noll and Darren C. Atkinson},
  title = 	 {Comparing Extreme Programming to Traditional Development for Student Projects: A Case Study},
  booktitle =	 {Extreme Programming and Agile Processes in Software Engineering: Proceedings of the 4th International Conference, {XP 2003}},
  year =	 2003,
  series =	 lncs,
  publisher =	 sv,
  pages =	 {372--374},
}



@InProceedings{pechau03,
  author = 	 {Petra Becker-Pechau and Holger Breitling and Martine Lippert and Axel Schmolitzky},
  title = 	 {Teaching Team Work: An Extreme Work for FIrst-Year Programmers},
  booktitle =	 {Extreme Programming and Agile Processes in Software Engineering: Proceedings of the 4th International Conference, {XP 2003}},
  year =	 2003,
  series =	 lncs,
  publisher =	 sv, 
  pages ={386--393},
}


@InProceedings{macais03,
  author = 	 {Francisco Macias and Mike Holcombe and Marian Gheorghe},
  title = 	 {Design-led \& Design-less: One Experiment and Two Approaches},
  booktitle =	 {Extreme Programming and Agile Processes in Software Engineering: Proceedings of the 4th International Conference, {XP 2003}},
  year =	 2003,
  series =	 lncs,
  publisher =	 sv,
  pages =	 {394--401},
}



@InProceedings{mugridge03,
  author = 	 {Rick Mugridge and Bruce MacDonald and Partha Roop and Ewan Tempero},
  title = 	 {Five Challenges in Teaching {XP}},
  booktitle =	 {Extreme Programming and Agile Processes in Software Engineering: Proceedings of the 4th International Conference, {XP 2003}},
  year =	 2003,
  series =	 lncs,
  publisher =	 sv,
  pages =	 {406--409},
}



@Article{pmsd,
  author =       {Robinson, H. and Hall, P. and Hovenden, F. and Rachel, J. },
  title =        {Postmodern software development},
  journal =      {The Computer Journal},
  year =         1998,
  volume =       31,
  pages =        {363--375}
}



@Unpublished{mil2168,
  author = 	 {{US~Department of Defense}},
  title = 	 {{DOD-STD-2168 DEFENSE SYSTEM SOFTWARE QUALITY PROGRAM}},
  note = 	 {Military Standard},
  month =	 apr,
  year =	 1988
}



% (lots of good stuff here - enough for part A of the RW)
% http://www.cse.ucsc.edu/~brianh/PairProgramBib.html


@InProceedings{brown2000,
  author = 	 {Judy Brown},
  title = 	 {Bloodshot Eyes: {W}orkload Issues in Computer Science Project Courses},
  booktitle =	 {Proceedings of the Asia-Pacific Software Engineering Conference {(APSEC)}},
  pages =	 "46--52",
  year =	 2000,
  month =	 dec,
  publisher =	 ieeecsp
}

@InProceedings{brown1999,
  author = 	 {Judy Brown and Gill Dobbie},
  title = 	 {Supporting and Evaluating Team Dynamics in Group Projects},
  booktitle =	 {Proceedings of {SIGCSE} ({ACM} Special Interest Group in Computer Science Education)},
  pages =	 "281--285",
  year =	 1999,
  month =	 apr,
  publisher =	 acm
}ieee

@InProceedings{brown1998,
  author = 	 {Judy Brown and Gill Dobbie},
  title = 	 {Software Engineers Aren't Born in Teams: {S}upporting Team Processes in Software Engineering Project Courses },
  booktitle =	 "Proceedings of Software Engineering Education and Practice {(SEEP})",
  pages =	 "42--49",
  year =	 1998,
  month =	 jan,
  publisher =	 ieeecsp
}

