%% RUST STUFF

@inproceedings{DBLP:conf/tase/WangSZZZ18,
  author       = {Feng Wang and
                  Fu Song and
                  Min Zhang and
                  Xiaoran Zhu and
                  Jun Zhang},
  title        = {KRust: {A} Formal Executable Semantics of Rust},
  booktitle    = {{TASE}},
  pages        = {44--51},
  publisher    = {{IEEE} Computer Society},
  year         = {2018}
}





%%%%


@inproceedings{DBLP:conf/fm/CassezFGPQ23,
  author       = {Franck Cassez and
                  Joanne Fuller and
                  Milad K. Ghale and
                  David J. Pearce and
                  Horacio Mijail Anton Quiles},
  title        = {Formal and Executable Semantics of the Ethereum Virtual Machine in
                  Dafny},
  booktitle    = {{FM}},
  series       = {Lecture Notes in Computer Science},
  volume       = {14000},
  pages        = {571--583},
  publisher    = {Springer},
  year         = {2023}
}


@article{sound-rust-borrowing2024,
  author       = {Son Ho and
                  Aymeric Fromherz and
                  Jonathan Protzenko},
  title        = {Sound Borrow-Checking for Rust via Symbolic Semantics},
  journal      = {CoRR},
  volume       = {abs/2404.02680},
  year         = {2024}
}