

@inproceedings{bitWX,
 author = {Joel W. Pauling and Peter Komisarczuk},
 title = {Review of work experience in a {B}achelor of {I}nformation {T}echnology ({BIT})},
 booktitle = {Proc. ACE},
 year = {2007},
 pages = {125--132},
 publisher = {Australian Computer Society, Inc.},
 }

@book{alloybook,
	author = {Daniel Jackson},
	month = {April},
	publisher = {{The MIT Press}},
	title = {Software Abstractions: Logic, Language, and Analysis},
	year = 2006
}


@Article{cowling,
  author = 	 {A.J. Cowling},
  title = 	 {The role of modelling in the Software Engineering Curriculum},
  journal = 	 {Journal of Systems and Software},
  year = 	 2005,
  volume = 	 75,
  number = 	 {1-2},
  month = 	 {Jan-Feb}}

@Misc{SE2004,
  author = 	 {{The ACM/IEEE Joint Task Force on Computing Curricula}},
  title = 	 {Software Engineering 2004: Curriculum Guidelines for Undergraduate Degree Programs in Software Engineering},
  month = 	 aug,
  year = 	 2004}

@Misc{kuhne-old,
  author = 	 {Thomas K{\"u}hne},
  title = 	 {Fighting the ``Formal is Futile'' Fallacy},
  howpublished = {Invited talk, {MoDELS 2007} Edu.Symp.},
  month = 	 oct,
  year = 	 2007}

@InProceedings{kuhne,
  author = 	 {Thomas K{\"u}hne},
  title = 	 {Fighting the ``Formal is Futile'' Fallacy},
  booktitle = {Proceedings of the 3rd Educatorsâ€™ Symposium of the 10th
                  ACM/IEEE International Conference on Model Driven
                  Engineering Languages and Systems (MODELS 2007)},
  pages = 	 3,
  year = 	 2007,
  editor = 	 {Miroslaw Staron},
  volume = 	 {2007:01},
  series = 	 {Research reports in Software Engineering and Management},
  address = 	 {G{\"o}teborg, Sweden},
  organization = {Department of Applied Information Technology,
		  IT University of G{\"o}teborg}
}

@Book{foruse,
  author =       {Larry L. Constantine and Lucy A. D. Lockwood},
  title =        {Software for Use: A Practical Guide to the Models and Methods of Usage-Centered Design},
  publisher =    "Addison-Wesley",
  year =         1998
}



@ARTICLE{epigrams,
  author =       "Alan Perlis",
  title =        "Epigrams on programming",
  journal =      "{ACM} {SIGPLAN} {N}otices",
  volume =       17,
  month =        sep,
  number =       9,
  year =         1982
}
