###### Program Verification with Dafny

@article{DBLP:journals/corr/abs-2301-03224,
  author       = {Jo{\~{a}}o Pascoal Faria and
                  Rui Abreu},
  title        = {Case studies of development of verified programs with Dafny for accessibility
                  assessment},
  journal      = {CoRR},
  volume       = {abs/2301.03224},
  year         = {2023},
  url          = {https://doi.org/10.48550/arXiv.2301.03224}
}


@inproceedings{DBLP:conf/issta/IrfanPRRT22,
  author       = {Ahmed Irfan and
                  Sorawee Porncharoenwase and
                  Zvonimir Rakamaric and
                  Neha Rungta and
                  Emina Torlak},
  editor       = {Sukyoung Ryu and
                  Yannis Smaragdakis},
  title        = {Testing Dafny (experience paper)},
  booktitle    = {{ISSTA} '22: 31st {ACM} {SIGSOFT} International Symposium on Software
                  Testing and Analysis, Virtual Event, South Korea, July 18 - 22, 2022},
  pages        = {556--567},
  publisher    = {{ACM}},
  year         = {2022},
  url          = {https://doi.org/10.1145/3533767.3534382}
}

@inproceedings{DBLP:conf/cav/Cook18,
  author       = {Byron Cook},
  editor       = {Hana Chockler and
                  Georg Weissenbacher},
  title        = {Formal Reasoning About the Security of Amazon Web Services},
  booktitle    = {Computer Aided Verification - 30th International Conference, {CAV}
                  2018, Held as Part of the Federated Logic Conference, FloC 2018, Oxford,
                  UK, July 14-17, 2018, Proceedings, Part {I}},
  series       = {Lecture Notes in Computer Science},
  volume       = {10981},
  pages        = {38--47},
  publisher    = {Springer},
  year         = {2018},
  url          = {https://doi.org/10.1007/978-3-319-96145-3\_3}
}


@inproceedings{DBLP:conf/tacas/ChakarovFRR22,
  author       = {Aleksandar Chakarov and
                  Aleksandr Fedchin and
                  Zvonimir Rakamaric and
                  Neha Rungta},
  editor       = {Dana Fisman and
                  Grigore Rosu},
  title        = {Better Counterexamples for Dafny},
  booktitle    = {Tools and Algorithms for the Construction and Analysis of Systems
                  - 28th International Conference, {TACAS} 2022, Held as Part of the
                  European Joint Conferences on Theory and Practice of Software, {ETAPS}
                  2022, Munich, Germany, April 2-7, 2022, Proceedings, Part {I}},
  series       = {Lecture Notes in Computer Science},
  volume       = {13243},
  pages        = {404--411},
  publisher    = {Springer},
  year         = {2022},
  url          = {https://doi.org/10.1007/978-3-030-99524-9\_23}
}

@article{DBLP:journals/iacr/YangWCCY23,
  author       = {Zhenkun Yang and
                  Wen Wang and
                  Jeremy Casas and
                  Pasquale Cocchini and
                  Jin Yang},
  title        = {Towards {A} Correct-by-Construction {FHE} Model},
  journal      = {{IACR} Cryptol. ePrint Arch.},
  pages        = {281},
  year         = {2023}
}

@inproceedings{DBLP:conf/fm/CassezFGPQ23,
  author       = {Franck Cassez and
                  Joanne Fuller and
                  Milad K. Ghale and
                  David J. Pearce and
                  Horacio Mijail Anton Quiles},
  editor       = {Marsha Chechik and
                  Joost{-}Pieter Katoen and
                  Martin Leucker},
  title        = {Formal and Executable Semantics of the Ethereum Virtual Machine in
                  Dafny},
  booktitle    = {Formal Methods - 25th International Symposium, {FM} 2023, L{\"{u}}beck,
                  Germany, March 6-10, 2023, Proceedings},
  series       = {Lecture Notes in Computer Science},
  volume       = {14000},
  pages        = {571--583},
  publisher    = {Springer},
  year         = {2023}
}

@article{DBLP:journals/corr/abs-2211-06411,
  author       = {Liyi Li and
                  Mingwei Zhu and
                  Yi Lee and
                  Le Chang and
                  Xiaodi Wu},
  title        = {Quantum Natural Proof: {A} New Perspective of Hybrid Quantum-Classical
                  Program Verification},
  journal      = {CoRR},
  volume       = {abs/2211.06411},
  year         = {2022},
  url          = {https://doi.org/10.48550/arXiv.2211.06411}
}

###### LM Application in Autoformalization and Reasoning

@article{DBLP:journals/corr/abs-2205-15231,
  author       = {Jordan Meadows and
                  Andr{\'{e}} Freitas},
  title        = {A Survey in Mathematical Language Processing},
  journal      = {CoRR},
  volume       = {abs/2205.15231},
  year         = {2022},
  url          = {https://doi.org/10.48550/arXiv.2205.15231}
}

@article{DBLP:journals/corr/abs-2212-09597,
  author       = {Shuofei Qiao and
                  Yixin Ou and
                  Ningyu Zhang and
                  Xiang Chen and
                  Yunzhi Yao and
                  Shumin Deng and
                  Chuanqi Tan and
                  Fei Huang and
                  Huajun Chen},
  title        = {Reasoning with Language Model Prompting: {A} Survey},
  journal      = {CoRR},
  volume       = {abs/2212.09597},
  year         = {2022},
  url          = {https://doi.org/10.48550/arXiv.2212.09597}
}

@article{DBLP:journals/corr/abs-2206-02336,
  author       = {Yifei Li and
                  Zeqi Lin and
                  Shizhuo Zhang and
                  Qiang Fu and
                  Bei Chen and
                  Jian{-}Guang Lou and
                  Weizhu Chen},
  title        = {On the Advance of Making Language Models Better Reasoners},
  journal      = {CoRR},
  volume       = {abs/2206.02336},
  year         = {2022},
  url          = {https://doi.org/10.48550/arXiv.2206.02336}
}



@inproceedings{DBLP:conf/nips/WuJLRSJS22,
  author       = {Yuhuai Wu and
                  Albert Qiaochu Jiang and
                  Wenda Li and
                  Markus N. Rabe and
                  Charles Staats and
                  Mateja Jamnik and
                  Christian Szegedy},
  title        = {Autoformalization with Large Language Models},
  booktitle    = {NeurIPS},
  year         = {2022}
}

@article{DBLP:journals/corr/abs-2301-02195,
  author       = {Garett Cunningham and
                  Razvan C. Bunescu and
                  David Juedes},
  title        = {Towards Autoformalization of Mathematics and Code Correctness: Experiments
                  with Elementary Proofs},
  journal      = {CoRR},
  volume       = {abs/2301.02195},
  year         = {2023},
  url          = {https://doi.org/10.48550/arXiv.2301.02195}
}


@inproceedings{DBLP:conf/emnlp/MadaanZ0YN22,
  author       = {Aman Madaan and
                  Shuyan Zhou and
                  Uri Alon and
                  Yiming Yang and
                  Graham Neubig},
  editor       = {Yoav Goldberg and
                  Zornitsa Kozareva and
                  Yue Zhang},
  title        = {Language Models of Code are Few-Shot Commonsense Learners},
  booktitle    = {Proceedings of the 2022 Conference on Empirical Methods in Natural
                  Language Processing, {EMNLP} 2022, Abu Dhabi, United Arab Emirates,
                  December 7-11, 2022},
  pages        = {1384--1403},
  publisher    = {Association for Computational Linguistics},
  year         = {2022}
}


@article{DBLP:journals/corr/abs-2303-04910,
  author       = {Emily First and
                  Markus N. Rabe and
                  Talia Ringer and
                  Yuriy Brun},
  title        = {Baldur: Whole-Proof Generation and Repair with Large Language Models},
  journal      = {CoRR},
  volume       = {abs/2303.04910},
  year         = {2023},
  url          = {https://doi.org/10.48550/arXiv.2303.04910}
}

@article{DBLP:journals/corr/abs-2211-09066,
  author       = {Hattie Zhou and
                  Azade Nova and
                  Hugo Larochelle and
                  Aaron C. Courville and
                  Behnam Neyshabur and
                  Hanie Sedghi},
  title        = {Teaching Algorithmic Reasoning via In-context Learning},
  journal      = {CoRR},
  volume       = {abs/2211.09066},
  year         = {2022},
  url          = {https://doi.org/10.48550/arXiv.2211.09066}
}

@article{DBLP:journals/corr/abs-2301-13867,
  author       = {Simon Frieder and
                  Luca Pinchetti and
                  Ryan{-}Rhys Griffiths and
                  Tommaso Salvatori and
                  Thomas Lukasiewicz and
                  Philipp Christian Petersen and
                  Alexis Chevalier and
                  Julius Berner},
  title        = {Mathematical Capabilities of ChatGPT},
  journal      = {CoRR},
  volume       = {abs/2301.13867},
  year         = {2023},
  url          = {https://doi.org/10.48550/arXiv.2301.13867}
}



### LM Application on Source Code

@article{DBLP:journals/tosem/WatsonCNMP22,
  author       = {Cody Watson and
                  Nathan Cooper and
                  David Nader{-}Palacio and
                  Kevin Moran and
                  Denys Poshyvanyk},
  title        = {A Systematic Literature Review on the Use of Deep Learning in Software
                  Engineering Research},
  journal      = {{ACM} Trans. Softw. Eng. Methodol.},
  volume       = {31},
  number       = {2},
  pages        = {32:1--32:58},
  year         = {2022},
  url          = {https://doi.org/10.1145/3485275}
}
@article{DBLP:journals/csur/YangXLG22,
  author       = {Yanming Yang and
                  Xin Xia and
                  David Lo and
                  John C. Grundy},
  title        = {A Survey on Deep Learning for Software Engineering},
  journal      = {{ACM} Comput. Surv.},
  volume       = {54},
  number       = {10s},
  pages        = {206:1--206:73},
  year         = {2022},
  url          = {https://doi.org/10.1145/3505243}
}

@article{DBLP:journals/csur/AllamanisBDS18,
  author       = {Miltiadis Allamanis and
                  Earl T. Barr and
                  Premkumar T. Devanbu and
                  Charles Sutton},
  title        = {A Survey of Machine Learning for Big Code and Naturalness},
  journal      = {{ACM} Comput. Surv.},
  volume       = {51},
  number       = {4},
  pages        = {81:1--81:37},
  year         = {2018},
  url          = {https://doi.org/10.1145/3212695}
}

@article{DBLP:journals/csur/LeCB20,
  author       = {Triet Huynh Minh Le and
                  Hao Chen and
                  Muhammad Ali Babar},
  title        = {Deep Learning for Source Code Modeling and Generation: Models, Applications,
                  and Challenges},
  journal      = {{ACM} Comput. Surv.},
  volume       = {53},
  number       = {3},
  pages        = {62:1--62:38},
  year         = {2021},
  url          = {https://doi.org/10.1145/3383458}
}

### program repair 
@inproceedings{DBLP:conf/icml/YasunagaL20,
  author       = {Michihiro Yasunaga and
                  Percy Liang},
  title        = {Graph-based, Self-Supervised Program Repair from Diagnostic Feedback},
  booktitle    = {Proceedings of the 37th International Conference on Machine Learning,
                  {ICML} 2020, 13-18 July 2020, Virtual Event},
  series       = {Proceedings of Machine Learning Research},
  volume       = {119},
  pages        = {10799--10808},
  publisher    = {{PMLR}},
  year         = {2020},
  url          = {http://proceedings.mlr.press/v119/yasunaga20a.html}
}

@article{DBLP:journals/corr/abs-2205-00180,
  author       = {Mifta Sintaha and
                  Noor Nashid and
                  Ali Mesbah},
  title        = {Katana: Dual Slicing-Based Context for Learning Bug Fixes},
  journal      = {CoRR},
  volume       = {abs/2205.00180},
  year         = {2022},
  url          = {https://doi.org/10.48550/arXiv.2205.00180}
}

@article{DBLP:journals/tosem/TufanoWBPWP19,
  author       = {Michele Tufano and
                  Cody Watson and
                  Gabriele Bavota and
                  Massimiliano Di Penta and
                  Martin White and
                  Denys Poshyvanyk},
  title        = {An Empirical Study on Learning Bug-Fixing Patches in the Wild via
                  Neural Machine Translation},
  journal      = {{ACM} Trans. Softw. Eng. Methodol.},
  volume       = {28},
  number       = {4},
  pages        = {19:1--19:29},
  year         = {2019},
  url          = {https://doi.org/10.1145/3340544}
}
@inproceedings{DBLP:conf/msr/MashhadiH21,
  author       = {Ehsan Mashhadi and
                  Hadi Hemmati},
  title        = {Applying CodeBERT for Automated Program Repair of Java Simple Bugs},
  booktitle    = {18th {IEEE/ACM} International Conference on Mining Software Repositories,
                  {MSR} 2021, Madrid, Spain, May 17-19, 2021},
  pages        = {505--509},
  publisher    = {{IEEE}},
  year         = {2021},
  url          = {https://doi.org/10.1109/MSR52588.2021.00063}
}

### bug fixing

@inproceedings{DBLP:conf/kbse/ChakrabortyR21,
  author       = {Saikat Chakraborty and
                  Baishakhi Ray},
  title        = {On Multi-Modal Learning of Editing Source Code},
  booktitle    = {36th {IEEE/ACM} International Conference on Automated Software Engineering,
                  {ASE} 2021, Melbourne, Australia, November 15-19, 2021},
  pages        = {443--455},
  publisher    = {{IEEE}},
  year         = {2021},
  url          = {https://doi.org/10.1109/ASE51524.2021.9678559}
}

####domain of source code

### code review

@inproceedings{DBLP:conf/icse/TufanoMMPPB22,
  author       = {Rosalia Tufano and
                  Simone Masiero and
                  Antonio Mastropaolo and
                  Luca Pascarella and
                  Denys Poshyvanyk and
                  Gabriele Bavota},
  title        = {Using Pre-Trained Models to Boost Code Review Automation},
  booktitle    = {44th {IEEE/ACM} 44th International Conference on Software Engineering,
                  {ICSE} 2022, Pittsburgh, PA, USA, May 25-27, 2022},
  pages        = {2291--2302},
  publisher    = {{ACM}},
  year         = {2022},
  url          = {https://doi.org/10.1145/3510003.3510621}
}

@inproceedings{DBLP:conf/sigsoft/LiYJYLHLZ22,
  author       = {Lingwei Li and
                  Li Yang and
                  Huaxi Jiang and
                  Jun Yan and
                  Tiejian Luo and
                  Zihan Hua and
                  Geng Liang and
                  Chun Zuo},
  editor       = {Abhik Roychoudhury and
                  Cristian Cadar and
                  Miryung Kim},
  title        = {{AUGER:} automatically generating review comments with pre-training
                  models},
  booktitle    = {Proceedings of the 30th {ACM} Joint European Software Engineering
                  Conference and Symposium on the Foundations of Software Engineering,
                  {ESEC/FSE} 2022, Singapore, Singapore, November 14-18, 2022},
  pages        = {1009--1021},
  publisher    = {{ACM}},
  year         = {2022},
  url          = {https://doi.org/10.1145/3540250.3549099}
}


@misc{microsoftresearch,
	author = {Microsoft},
	title = {Microsoft Research},
	howpublished = "\url{https://www.microsoft.com/en-us/research/}",
	year = {2023}, 
	note = "[Online], [Accessed: 2023-04-20]"
}



@misc{dafnytsite,
	author = {Microsoft},
	title = {The Dafny Programming and Verification Language},
	howpublished = "\url{https://dafny.org/}",
	year = {2023}, 
	note = "[Online], [Accessed: 2023-04-20]"
}


@misc{awsautomatedreasoning,
	author = {Amazon},
	title = {Automated reasoning},
	howpublished = "\url{https://www.amazon.science/research-areas/automated-reasoning}",
	year = {2023}, 
	note = "[Online], [Accessed: 2023-04-20]"
}



@misc{dafny-github,
	author = {Dafny},
	title = {dafny-lang},
	howpublished = "\url{https://github.com/dafny-lang/dafny}",
	year = {2023}, 
	note = "[Online], [Accessed: 2023-04-20]"
}

@incollection{DBLP:series/faia/0001LM21,
  author       = {Jo{\~{a}}o Marques{-}Silva and
                  In{\^{e}}s Lynce and
                  Sharad Malik},
  editor       = {Armin Biere and
                  Marijn Heule and
                  Hans van Maaren and
                  Toby Walsh},
  title        = {Conflict-Driven Clause Learning {SAT} Solvers},
  booktitle    = {Handbook of Satisfiability - Second Edition},
  series       = {Frontiers in Artificial Intelligence and Applications},
  volume       = {336},
  pages        = {133--182},
  publisher    = {{IOS} Press},
  year         = {2021},
  url          = {https://doi.org/10.3233/FAIA200987}
}

@article{DBLP:journals/cacm/Hoare69,
  author       = {C. A. R. Hoare},
  title        = {An Axiomatic Basis for Computer Programming},
  journal      = {Commun. {ACM}},
  volume       = {12},
  number       = {10},
  pages        = {576--580},
  year         = {1969},
  url          = {https://doi.org/10.1145/363235.363259}
}


@misc{Z3Prover,
	author = {Z3Prover},
	title = {The Z3 Theorem Prover},
	howpublished = "\url{https://github.com/Z3Prover/z3}",
	year = {2023}, 
	note = "[Online], [Accessed: 2023-04-20]"
}


@article{DBLP:journals/software/Leino17,
  author       = {K. Rustan M. Leino},
  title        = {Accessible Software Verification with Dafny},
  journal      = {{IEEE} Softw.},
  volume       = {34},
  number       = {6},
  pages        = {94--97},
  year         = {2017},
  url          = {https://doi.org/10.1109/MS.2017.4121212}
}

@inproceedings{DBLP:conf/tacas/MouraB08,
  author       = {Leonardo Mendon{\c{c}}a de Moura and
                  Nikolaj S. Bj{\o}rner},
  editor       = {C. R. Ramakrishnan and
                  Jakob Rehof},
  title        = {{Z3:} An Efficient {SMT} Solver},
  booktitle    = {Tools and Algorithms for the Construction and Analysis of Systems,
                  14th International Conference, {TACAS} 2008, Held as Part of the Joint
                  European Conferences on Theory and Practice of Software, {ETAPS} 2008,
                  Budapest, Hungary, March 29-April 6, 2008. Proceedings},
  series       = {Lecture Notes in Computer Science},
  volume       = {4963},
  pages        = {337--340},
  publisher    = {Springer},
  year         = {2008},
  url          = {https://doi.org/10.1007/978-3-540-78800-3\_24}
}


@inproceedings{DBLP:conf/sosp/HawblitzelHKLPR15,
  author       = {Chris Hawblitzel and
                  Jon Howell and
                  Manos Kapritsos and
                  Jacob R. Lorch and
                  Bryan Parno and
                  Michael L. Roberts and
                  Srinath T. V. Setty and
                  Brian Zill},
  editor       = {Ethan L. Miller and
                  Steven Hand},
  title        = {IronFleet: proving practical distributed systems correct},
  booktitle    = {Proceedings of the 25th Symposium on Operating Systems Principles,
                  {SOSP} 2015, Monterey, CA, USA, October 4-7, 2015},
  pages        = {1--17},
  publisher    = {{ACM}},
  year         = {2015},
  url          = {https://doi.org/10.1145/2815400.2815428}
}


@inproceedings{DBLP:conf/osdi/HawblitzelHLNPZZ14,
  author       = {Chris Hawblitzel and
                  Jon Howell and
                  Jacob R. Lorch and
                  Arjun Narayan and
                  Bryan Parno and
                  Danfeng Zhang and
                  Brian Zill},
  editor       = {Jason Flinn and
                  Hank Levy},
  title        = {Ironclad Apps: End-to-End Security via Automated Full-System Verification},
  booktitle    = {11th {USENIX} Symposium on Operating Systems Design and Implementation,
                  {OSDI} '14, Broomfield, CO, USA, October 6-8, 2014},
  pages        = {165--181},
  publisher    = {{USENIX} Association},
  year         = {2014},
  url          = {https://www.usenix.org/conference/osdi14/technical-sessions/presentation/hawblitzel}
}

@article{le2011boogie,
  title={The Boogie verification debugger},
  author={Le Goues, Claire and Leino, K Rustan M and Moskal, Micha{\l}},
  journal={SEFM, LNCS},
  volume={7041},
  pages={407--414},
  year={2011},
  publisher={Citeseer}
}




@misc{coq,
	author = {coq},
	title = {The Coq Development Team. 2017. Coq, v.8.7.},
	howpublished = "\url{https://coq.inria.fr}",
	year = {2023}, 
	note = "[Online], [Accessed: 2023-04-20]"
}



@misc{CompCert,
	author = {CompCert},
	title = {CompCert},
	howpublished = "\url{https://github.com/AbsInt/CompCert}",
	year = {2023}, 
	note = "[Online], [Accessed: 2023-04-20]"
}

@inproceedings{DBLP:conf/pldi/YangCER11,
  author       = {Xuejun Yang and
                  Yang Chen and
                  Eric Eide and
                  John Regehr},
  editor       = {Mary W. Hall and
                  David A. Padua},
  title        = {Finding and understanding bugs in {C} compilers},
  booktitle    = {Proceedings of the 32nd {ACM} {SIGPLAN} Conference on Programming
                  Language Design and Implementation, {PLDI} 2011, San Jose, CA, USA,
                  June 4-8, 2011},
  pages        = {283--294},
  publisher    = {{ACM}},
  year         = {2011},
  url          = {https://doi.org/10.1145/1993498.1993532}
}



@misc{GCC,
	author = {GCC},
	title = {GCC, the GNU Compiler Collection},
	howpublished = "\url{https://gcc.gnu.org/}",
	year = {2023}, 
	note = "[Online], [Accessed: 2023-04-20]"
}


@misc{LLVM,
	author = {LLVM},
	title = {The LLVM Compiler Infrastructure},
	howpublished = "\url{https://llvm.org/}",
	year = {2023}, 
	note = "[Online], [Accessed: 2023-04-20]"
}

@inproceedings{DBLP:conf/sosp/KleinEHACDEEKNSTW09,
  author       = {Gerwin Klein and
                  Kevin Elphinstone and
                  Gernot Heiser and
                  June Andronick and
                  David A. Cock and
                  Philip Derrin and
                  Dhammika Elkaduwe and
                  Kai Engelhardt and
                  Rafal Kolanski and
                  Michael Norrish and
                  Thomas Sewell and
                  Harvey Tuch and
                  Simon Winwood},
  editor       = {Jeanna Neefe Matthews and
                  Thomas E. Anderson},
  title        = {se{L}4: formal verification of an OS kernel.},
  Xbooktitle    = {Proceedings of the 22nd {ACM} Symposium on Operating Systems Principles
                  2009, {SOSP} 2009, Big Sky, Montana, USA, October 11-14, 2009},
  booktitle = {{SOSP}},		  
  pages        = {207--220},
  Xpublisher    = {{ACM}},
  year         = {2009},
  doi          = {10.1145/1629575.1629596}
    Xurl          = {https://doi.org/10.1145/1629575.1629596}
}



@misc{seL4,
	author = {seL4 Project},
	title = {The seL4® Microkernel},
	howpublished = "\url{https://sel4.systems/}",
	year = {2023}, 
	note = "[Online], [Accessed: 2023-04-20]"
}

@article{DBLP:journals/sigops/ErbsenPGSC20,
  author       = {Andres Erbsen and
                  Jade Philipoom and
                  Jason Gross and
                  Robert Sloan and
                  Adam Chlipala},
  title        = {Simple High-Level Code For Cryptographic Arithmetic: With Proofs,
                  Without Compromises},
  journal      = {{ACM} {SIGOPS} Oper. Syst. Rev.},
  volume       = {54},
  number       = {1},
  pages        = {23--30},
  year         = {2020},
  url          = {https://doi.org/10.1145/3421473.3421477}
}

% Kevin Jacobs and Benjamin Beurdouche. 2020. Performance Improvements via Formally-Verified Cryptography in Firefox. https:
% //blog.mozilla.org/security/2020/07/06/performance-improvements-viaformally-verified-cryptography-in-firefox/

@misc{mozila,
	author = {Kevin Jacobs and Benjamin Beurdouche. 2020},
	title = {Performance Improvements via Formally-Verified Cryptography in Firefox},
	howpublished = "\url{https://blog.mozilla.org/security/2020/07/06/performance-improvements-viaformally-verified-cryptography-in-firefox/}",
	year = {2023}, 
	note = "[Online], [Accessed: 2023-04-20]"
}


@misc{Galois,
	author = {Galois, Inc},
	title = {Galois},
	howpublished = "\url{https://galois.com}",
	year = {2023}, 
	note = "[Online], [Accessed: 2023-04-20]"
}


@misc{BedRock,
	author = {BedRock Systems Inc},
	title = {BedRock},
	howpublished = "\url{https://bedrocksystems.com}",
	year = {2023}, 
	note = "[Online], [Accessed: 2023-04-20]"
}

@book{automath,
    title="Selected Papers on Automath",
    editor={R.P. Nederpelt and J.H. Geuvers and R.C. de Vrijer},
    publisher={North Holland},
    year=1994,
    esbn="9780080887180",
    series="Studies in Logic and the Foundations of Mathematics"
}


@inproceedings{DBLP:conf/sp/MurrayMBGBSLGK13,
  author       = {Toby C. Murray and
                  Daniel Matichuk and
                  Matthew Brassil and
                  Peter Gammie and
                  Timothy Bourke and
                  Sean Seefried and
                  Corey Lewis and
                  Xin Gao and
                  Gerwin Klein},
  title        = {seL4: From General Purpose to a Proof of Information Flow Enforcement},
  booktitle    = {2013 {IEEE} Symposium on Security and Privacy, {SP} 2013, Berkeley,
                  CA, USA, May 19-22, 2013},
  pages        = {415--429},
  publisher    = {{IEEE} Computer Society},
  year         = {2013},
  url          = {https://doi.org/10.1109/SP.2013.35}
}

@article{DBLP:journals/cacm/Leroy09,
  author       = {Xavier Leroy},
  title        = {Formal verification of a realistic compiler},
  journal      = {Commun. {ACM}},
  volume       = {52},
  number       = {7},
  pages        = {107--115},
  year         = {2009},
  url          = {https://doi.org/10.1145/1538788.1538814}
}

@article{DBLP:journals/corr/abs-2108-07732,
  author       = {Jacob Austin and
                  Augustus Odena and
                  Maxwell I. Nye and
                  Maarten Bosma and
                  Henryk Michalewski and
                  David Dohan and
                  Ellen Jiang and
                  Carrie J. Cai and
                  Michael Terry and
                  Quoc V. Le and
                  Charles Sutton},
  title        = {Program Synthesis with Large Language Models},
  journal      = {CoRR},
  volume       = {abs/2108.07732},
  year         = {2021},
  url          = {https://arxiv.org/abs/2108.07732}
}

@article{DBLP:journals/tse/MastropaoloCNSPOB23,
  author       = {Antonio Mastropaolo and
                  Nathan Cooper and
                  David Nader{-}Palacio and
                  Simone Scalabrino and
                  Denys Poshyvanyk and
                  Rocco Oliveto and
                  Gabriele Bavota},
  title        = {Using Transfer Learning for Code-Related Tasks},
  journal      = {{IEEE} Trans. Software Eng.},
  volume       = {49},
  number       = {4},
  pages        = {1580--1598},
  year         = {2023},
  url          = {https://doi.org/10.1109/TSE.2022.3183297}
}

@article{tufano2020unit,
  title={Unit test case generation with transformers and focal context},
  author={Tufano, Michele and Drain, Dawn and Svyatkovskiy, Alexey and Deng, Shao Kun and Sundaresan, Neel},
  journal={arXiv preprint arXiv:2009.05617},
  year={2020}
}

@inproceedings{nashid2023retrieval,
  title={Retrieval-Based Prompt Selection for Code-Related Few-Shot Learning},
  author={Nashid, Noor and Sintaha, Mifta and Mesbah, Ali},
  booktitle={Proceedings of the 45th International Conference on Software Engineering (ICSE’23)},
  year={2023}
}

@article{DBLP:journals/corr/abs-2302-04048,
  author       = {Rosalia Tufano and
                  Luca Pascarella and
                  Gabriele Bavota},
  title        = {Automating Code-Related Tasks Through Transformers: The Impact of
                  Pre-training},
  journal      = {CoRR},
  volume       = {abs/2302.04048},
  year         = {2023},
  url          = {https://doi.org/10.48550/arXiv.2302.04048}
}
